
@article{yu2004promed,
  title={{ProMED-mail: An Early Warning System for Emerging Diseases}},
  author={Yu, Victor L and Madoff, Lawrence C},
  journal={Clinical Infectious Diseases},
  volume={39},
  number={2},
  pages={227--232},
  year={2004},
  publisher={The University of Chicago Press}
}

@article{wasserman2016yellow,
  title={Yellow fever cases in Asia: primed for an epidemic},
  author={Wasserman, Sean and Tambyah, Paul Anantharajah and Lim, Poh Lian},
  journal={International Journal of Infectious Diseases},
  volume={48},
  pages={98--103},
  year={2016},
  publisher={Elsevier}
}

%% Somewhat similar aims although I couldn't find their web-based tool;
%% perhaps it is not online at all
@article{daughton2017approach,
title={An approach to and web-based tool for infectious disease outbreak intervention analysis},
  author={Daughton, Ashlynn R and Generous, Nicholas and Priedhorsky, Reid and Deshpande, Alina},
  journal={Scientific Reports},
  volume={7},
  pages={46076},
  year={2017},
  publisher={Nature Publishing Group}
}

%% Interesting review paper; gives examples of studies where model performace
%% deteriorates at finer spatial scale, lots of stuff about HealthMap
@article{pollett2017internet,
  title={Internet-based biosurveillance methods for vector-borne diseases: Are they novel public health tools or just novelties?},
  author={Pollett, Simon and Althouse, Benjamin M and Forshey, Brett and Rutherford, George W and Jarman, Richard G},
  journal={PLOS Neglected Tropical Diseases},
  volume={11},
  number={11},
  pages={e0005871},
  year={2017},
  publisher={Public Library of Science}
}

%% Real time forecasting
@article{graham2018challenges,
  title={Challenges and Opportunities in Disease Forecasting in Outbreak Settings: A Case Study of Measles in Lola Prefecture, Guinea},
  author={Graham, Matthew and Suk, Jonathan E and Takahashi, Saki and Metcalf, C Jessica and Jimenez, Adela Paez and Prikazsky, Vladimir and Ferrari, Matthew J and Lessler, Justin},
  year={2018},
  publisher={ASTMH}
}
%% Similar tools
@article{liu2016epidms,
  title={epiDMS: Data Management and Analytics for Decision-Making From Epidemic Spread Simulation Ensembles},
  author={Liu, Sicong and Poccia, Silvestro and Candan, K Sel{\c{c}}uk and Chowell, Gerardo and Sapino, Maria Luisa},
  journal={The Journal of Infectious Diseases},
  volume={214},
  number={suppl\_4},
  pages={S427--S432},
  year={2016},
  publisher={Oxford University Press}
}
%% Similar work
@article{chowell2016elucidating,
  title={Elucidating transmission patterns from internet reports: Ebola and middle east respiratory syndrome as case studies},
  author={Chowell, Gerardo and Cleaton, Julie M and Viboud, Cecile},
  journal={The Journal of Infectious Diseases},
  volume={214},
  number={suppl\_4},
  pages={S421--S426},
  year={2016},
  publisher={Oxford University Press}
}

@article{funk2016real,
  title={Real-time forecasting of infectious disease dynamics with a stochastic semi-mechanistic model},
  author={Funk, Sebastian and Camacho, Anton and Kucharski, Adam J and Eggo, Rosalind M and Edmunds, W John},
  journal={Epidemics},
  year={2016},
  publisher={Elsevier}
}

@article {garske20160308,
	author = {Garske, Tini and Cori, Anne and Ariyarajah, Archchun and Blake, Isobel M. and Dorigatti, Ilaria and Eckmanns, Tim and Fraser, Christophe and Hinsley, Wes and Jombart, Thibaut and Mills, Harriet L. and Nedjati-Gilani, Gemma and Newton, Emily and Nouvellet, Pierre and Perkins, Devin and Riley, Steven and Schumacher, Dirk and Shah, Anita and Van Kerkhove, Maria D. and Dye, Christopher and Ferguson, Neil M. and Donnelly, Christl A.},
	title = {{Heterogeneities in the case fatality ratio in the West African Ebola outbreak 2013{\textendash}2016}},
	volume = {372},
	number = {1721},
	year = {2017},
	doi = {10.1098/rstb.2016.0308},
	publisher = {The Royal Society},
	issn = {0962-8436},
	URL = {http://rstb.royalsocietypublishing.org/content/372/1721/20160308},
	eprint = {http://rstb.royalsocietypublishing.org/content/372/1721/20160308.full.pdf},
	journal = {Philosophical Transactions of the Royal Society of London B: Biological Sciences}
}

@article{saw1984chebyshev,
  title={Chebyshev Inequality with Estimated Mean and Variance},
  author={Saw, John G and Yang, Mark CK and Mo, Tse Chin},
  journal={The American Statistician},
  volume={38},
  number={2},
  pages={130--132},
  year={1984},
  publisher={Taylor \& Francis Group}
}

@article{cori2013new,
  title={{A New Framework and Software to Estimate Time-Varying Reproduction Numbers During Epidemics}},
  author={Cori, Anne and Ferguson, Neil M and Fraser, Christophe and Cauchemez, Simon},
  journal={American Journal of Epidemiology},
  volume={178},
  number={9},
  pages={1505--1512},
  year={2013},
  publisher={Oxford University Press}
}

@article{burnham2011aic,
  title={AIC model selection and multimodel inference in behavioral ecology: some background, observations, and comparisons},
  author={Burnham, Kenneth P and Anderson, David R and Huyvaert, Kathryn P},
  journal={Behavioral Ecology and Sociobiology},
  volume={65},
  number={1},
  pages={23--35},
  year={2011},
  publisher={Springer}
}

@article{who2014ebola,
  title={{Ebola Virus Disease in West Africa — The First 9 Months of the Epidemic and Forward Projections}},
  author={{WHO Ebola Response Team}},
  journal={New England Journal of Medicine},
  volume={371},
  number={16},
  pages={1481--1495},
  year={2014}
}

@article{team2015west,
  title={{West African Ebola Epidemic after One Year —- Slowing but Not Yet under Control}},
  author={{WHO Ebola Response Team}},
  journal={The New England Journal of Medicine},
  volume={372},
  number={6},
  pages={584},
  year={2015},
  publisher={Europe PMC Funders}
}

@article{grosche2007175,
title = "Gravity models for airline passenger volume estimation",
journal = "Journal of Air Transport Management",
volume = "13",
number = "4",
pages = "175 - 183",
year = "2007",
issn = "0969-6997",
doi = "https://doi.org/10.1016/j.jairtraman.2007.02.001",
url = "http://www.sciencedirect.com/science/article/pii/S0969699707000178",
author = "Tobias Grosche and Franz Rothlauf and Armin Heinzl",
keywords = "Passenger volume estimation, Gravity model, Forecasting"
}


@article{van2015review,
  title={{A Review of Epidemiological Parameters from Ebola Outbreaks to Inform Early Public Health Decision-Making}},
  author={Van Kerkhove, Maria D and Bento, Ana I and Mills, Harriet L and Ferguson, Neil M and Donnelly, Christl A},
  journal={Scientific Data},
  volume={2},
  pages={150019},
  year={2015},
  publisher={Nature Publishing Group}
}

@article{cori2017key,
  title={{Key data for outbreak evaluation: building on the Ebola experience}},
  author={Cori, Anne and Donnelly, Christl A and Dorigatti, Ilaria and Ferguson, Neil M and Fraser, Christophe and Garske, Tini and Jombart, Thibaut and Nedjati-Gilani, Gemma and Nouvellet, Pierre and Riley, Steven and others},
  journal={Philosophical Transactions of the Royal Society B: Biological Sciences},
  volume={372},
  number={1721},
  pages={20160371},
  year={2017},
  publisher={The Royal Society}
}

%% Borrowing information from one spatial scale to inform another
%% sophisticated model
@article{aregay2017bayesian,
  title={Bayesian multi-scale modeling for aggregated disease mapping data},
  author={Aregay, Mehreteab and Lawson, Andrew B and Faes, Christel and Kirby, Russell S},
  journal={Statistical methods in medical research},
  volume={26},
  number={6},
  pages={2726--2742},
  year={2017},
  publisher={SAGE Publications Sage UK: London, England}
}

%% Renewal Equation
@article{fraser2007estimating,
  title={Estimating individual and household reproduction numbers in an emerging epidemic},
  author={Fraser, Christophe},
  journal={PloS one},
  volume={2},
  number={8},
  pages={e758},
  year={2007},
  publisher={Public Library of Science}
}

%% Various metrics
@article{funk2017assessing,
  title={Assessing the performance of real-time epidemic forecasts},
  author={Funk, Sebastian and Camacho, Anton and Kucharski, Adam J and Lowe, Rachel and Eggo, Rosalind M and Edmunds, W John},
  journal={bioRxiv},
  pages={177451},
  year={2017},
  publisher={Cold Spring Harbor Laboratory}
}


%% email based information providers such as ProMED are key.
@article{grein2000rumors,
  title={Rumors of disease in the global village: outbreak verification.},
  author={Grein, Thomas W and Kamara, KB and Rodier, Gu{\'e}na{\"e}l and Plant, Aileen J and Bovier, Patrick and Ryan, Michael J and Ohyama, Takaaki and Heymann, David L},
  journal={{Emerging Infectious Diseases}},
  volume={6},
  number={2},
  pages={97},
  year={2000},
  publisher={Centers for Disease Control and Prevention}
}

%% Evaluation of the changes in outbreak discovery and communication over time.
@article{chan2010global,
  title={Global capacity for emerging infectious disease detection},
  author={Chan, Emily H and Brewer, Timothy F and Madoff, Lawrence C and Pollack, Marjorie P and Sonricker, Amy L and Keller, Mikaela and Freifeld, Clark C and Blench, Michael and Mawudeku, Abla and Brownstein, John S},
  journal={Proceedings of the National Academy of Sciences},
  pages={201006219},
  year={2010},
  publisher={National Acad Sciences}
}

@misc{whosars,
  title={{SARS: Chronology of a serial killer}},
  url={http://www.who.int/csr/don/2003_07_04/en/},
  publisher={World Health Organisation},
  year={2003}
}

%% SARS in ProMED
@misc{promedsars,
title={Pneumonia–China (Guangdong)},
url={https://www.promedmail.org/post/20030210.0357},
year={2003},
publisher={ProMED-mail}
}

%% Zika in ProMED
@misc{promedzika,
title={Zika virus - Pacific (07): Chile (Easter Island), French Polynesia },
url={http://www.promedmail.org/post/2322907},
year={2014},
publisher={ProMED-mail}
}

%% Examples of diseases that have spread through travel, trade etc.
@incollection{morse2001factors,
  title={{Factors in the Emergence of Infectious Diseases}},
  author={Morse, Stephen S},
  booktitle={{Plagues and Politics}},
  pages={8--26},
  year={2001},
  publisher={Springer}
}

%% Nice overview of history of ProMED, HealthMap and other tools.
%% Neat classification of surveillance tools.
@article{morse2012public,
  title={{Public Health Surveillance and Infectious Disease Detection}},
  author={Morse, Stephen S},
  journal={Biosecurity and Bioterrorism: Biodefense Strategy, Practice, and Science},
  volume={10},
  number={1},
  pages={6--16},
  year={2012},
  publisher={Mary Ann Liebert, Inc. 140 Huguenot Street, 3rd Floor New Rochelle, NY 10801 USA}
}

%% WHO asserts that trade and travel create new opportunities for pathogens
@article{ex1995communicable,
  title={Communicable diseases prevention and control: new, emerging, and re-emerging infectious diseases},
  author={{Resolution of the Executive Board of the WHO}},
  year={1995},
  publisher={World Health Organisation}
}

%% Examples of cases where HealthMap and ProMED picked up cases of
%% Ebola and polio much before official reports from WHO.
@article{anema2014digital,
  title={Digital surveillance for enhanced detection and response to outbreaks},
  author={Anema, Aranka and Kluberg, Sheryl and Wilson, Kumanan and Hogg, Robert S and Khan, Kamran and Hay, Simon I and Tatem, Andrew J and Brownstein, John S},
  journal={The Lancet Infectious Diseases},
  volume={14},
  number={11},
  pages={1035--1037},
  year={2014},
  publisher={Elsevier}
}

%% Log accuracy
@article{tofallis2015better,
  title={A better measure of relative prediction accuracy for model selection and model estimation},
  author={Tofallis, Chris},
  journal={Journal of the Operational Research Society},
  volume={66},
  number={8},
  pages={1352--1362},
  year={2015},
  publisher={Taylor \& Francis}
}

@article{carpenter2017stan,
  title={Stan: A probabilistic programming language},
  author={Carpenter, Bob and Gelman, Andrew and Hoffman, Matthew D and Lee, Daniel and Goodrich, Ben and Betancourt, Michael and Brubaker, Marcus and Guo, Jiqiang and Li, Peter and Riddell, Allen},
  journal={Journal of statistical software},
  volume={76},
  number={1},
  year={2017},
  publisher={Columbia Univ., New York, NY (United States); Harvard Univ., Cambridge, MA~…}
}

@Misc{rstan,
    title = {{RStan}: the {R} interface to {Stan}},
    author = {{Stan Development Team}},
    note = {R package version 2.18.2},
    year = {2018},
    url = {http://mc-stan.org/},
  }

@misc{whositrep,
  author = {{World Health Organisation}},
  title = {{WHO: Ebola Response Roadmap Situation Report 1}},
  howpublished = "\url{https://www.who.int/iris/bitstream/10665/131974/1/roadmapsitrep1_eng.pdf}",
  year = {2014}, 
  note = "[Online; accessed 20-Feb-2019]"
}
@misc{ebfactors,
  author = {{World Health Organisation}},
  title = {{Factors that contributed to undetected spread of the Ebola virus and impeded rapid containment}},
  howpublished = "\url{https://www.who.int/csr/disease/ebola/one-year-report/factors/en/}",
  year = {2015},
  note = "[Online; accessed 11-Mar-2019]"
}

@misc{pmfirstebola,
  author = {{ProMED}},
  title = {{UNDIAGNOSED VIRAL HEMORRHAGIC FEVER - GUINEA (02): EBOLA CONFIRMED}},
  howpublished = "\url{https://www.promedmail.org/post/2349696}",
  year = {2014}, 
  note = "[Online; accessed 20-Feb-2019]"
}

@article{freifeld2008healthmap,
  title={{HealthMap: Global Infectious Disease Monitoring through Automated Classification and Visualization of Internet Media Reports}},
  author={Freifeld, Clark C and Mandl, Kenneth D and Reis, Ben Y and Brownstein, John S},
  journal={{Journal of the American Medical Informatics Association}},
  volume={15},
  number={2},
  pages={150--157},
  year={2008},
  publisher={BMJ Group BMA House, Tavistock Square, London, WC1H 9JR}
}

@article{zipf1946p,
  title={The P\textsubscript{1} P\textsubscript{}2/D Hypothesis on the Intercity Movement of Persons.},
  author={Zipf, George Kingsley},
  journal={{American Sociological Review}},
  volume={11},
  number={6},
  pages={677--686},
  year={1946},
  publisher={JSTOR}
}

@Article{ggmcmc,
    title = {{ggmcmc}: Analysis of {MCMC} Samples and {B}ayesian
      Inference},
    author = {Xavier Fern{\'a}ndez-i-Mar{\'i}n},
    journal = {Journal of Statistical Software},
    year = {2016},
    volume = {70},
    number = {9},
    pages = {1--20},
    doi = {10.18637/jss.v070.i09},
  }

@article{milinovich2015role,
  title={Role of big data in the early detection of Ebola and other emerging infectious diseases},
  author={Milinovich, Gabriel J and Magalh{\~a}es, Ricardo J Soares and Hu, Wenbiao},
  journal={The Lancet Global Health},
  volume={3},
  number={1},
  pages={e20--e21},
  year={2015},
  publisher={Elsevier}
}

@article{generous2014global,
  title={Global disease monitoring and forecasting with Wikipedia},
  author={Generous, Nicholas and Fairchild, Geoffrey and Deshpande, Alina and Del Valle, Sara Y and Priedhorsky, Reid},
  journal={PLoS computational biology},
  volume={10},
  number={11},
  pages={e1003892},
  year={2014},
  publisher={Public Library of Science}
}

 @Manual{bridgeasampling,
    title = {bridgesampling: Bridge Sampling for Marginal Likelihoods and Bayes Factors},
    author = {Quentin F. Gronau and Henrik Singmann},
    year = {2018},
    note = {R package version 0.6-0},
    url = {https://CRAN.R-project.org/package=bridgesampling},
 }

@article{kass1995bayes,
  title={Bayes factors},
  author={Kass, Robert E and Raftery, Adrian E},
  journal={Journal of the american statistical association},
  volume={90},
  number={430},
  pages={773--795},
  year={1995},
  publisher={Taylor \& Francis}
}

@article{agua2016exposure,
  title={Exposure patterns driving Ebola transmission in West Africa: a retrospective observational study},
  author={Agua-Agum, Junerlyn and Ariyarajah, Archchun and Aylward, Bruce and Bawo, Luke and Bilivogui, Pepe and Blake, Isobel M and Brennan, Richard J and Cawthorne, Amy and Cleary, Eilish and Clement, Peter and others},
  journal={{PLoS Medicine}},
  volume={13},
  number={11},
  pages={e1002170},
  year={2016},
  publisher={Public Library of Science}
}

@article{lau2017spatial,
  title={Spatial and temporal dynamics of superspreading events in the 2014--2015 West Africa Ebola epidemic},
  author={Lau, Max SY and Dalziel, Benjamin Douglas and Funk, Sebastian and McClelland, Amanda and Tiffany, Amanda and Riley, Steven and Metcalf, C Jessica E and Grenfell, Bryan T},
  journal={Proceedings of the National Academy of Sciences},
  volume={114},
  number={9},
  pages={2337--2342},
  year={2017},
  publisher={National Acad Sciences}
}